2332 3822
52 261 55 270 ,
128 181 150 246 6
358 177 606 237 PARTHENII
626 179 828 238 EROTICA.

120 323 682 405 Ιδὲσυνιέναιμλνλφασκευ,είςιδπαρὸν
691 327 860 403 ώςδὴπάνν
868 325 1048 408 αὖτῆςέρᾴη·
1130 327 1133 332 ’

130 414 596 491 χρόνονμέντοιτινάγενήσεσθαι,
605 409 837 491 ἑνῷἀπτιλλάξας
846 413 937 488 αάτήν
946 419 986 482 εἰς
994 415 1049 490 τήν

132 500 277 576 Εάρώπην
290 499 529 574 περαιωθήσεται,
549 495 630 560 κάκεῖ
642 502 782 573 πτοηθείς
797 500 842 556 έπλ
853 503 969 572 ’γυναικὶ
984 502 1051 576 ξένη

131 587 256 660 πόλεμον
268 585 400 654 ἐπάξεται
413 592 472 652 τοῖς
486 589 616 652 οἰκείοις·
633 583 757 657 ἐξηγεῖτο
766 585 807 658 δέ,
820 582 861 651 ώς
871 583 1050 645 δεῖαάτὸνίν

131 677 172 750 τῷ
181 671 293 749 πολέμῳ
302 675 457 744 τρωθῆναι,
475 673 523 728 καί
534 667 579 728 ὅτι
588 667 682 738 οάδείς
690 668 777 728 αὐτὸν
789 669 851 736 οἰός
859 693 890 728 τε
899 672 976 728 ἔσται
983 667 1049 744 ἀγιῆ

133 753 277 832 ποιήσαιῆ
288 752 368 828 αάτή·
379 755 510 814 ἑκάστοτε
518 756 549 813 δὲ
558 755 752 828 έπιλεγομένης
766 752 863 828 αὐτῆς,
880 756 986 822 ἐκεῖνος
996 754 1050 814 οάκ
1117 755 1121 780 “

97 843 128 902 Ῡ8
140 846 360 915 εἴαμεμνῆσθαι.
382 839 496 914 Χρόνου
505 841 536 898 δέ
543 840 702 914 προϊόντος,
712 841 809 913 ἐπειδὴ
817 837 929 913 Ἑλένην
943 841 1049 913 ἔγημεν,
1136 871 1141 888 ·

133 925 212 1000 ἦμέν
222 926 334 998 Οἰνώνη
342 927 506 1000 μεμφομένη
514 931 571 984 τών
578 927 764 1000 πραχθέντων
771 925 821 983 τὸν
827 923 1000 997 Ἀλέξανδρον
1008 928 1049 992 είς

134 1015 277 1088 Κεβρῆνα,
292 1007 363 1068 ὅθεν
376 1032 428 1085 περ
440 1005 475 1084 ῆν
487 1012 574 1084 γένος,
589 1009 778 1084 ἀπεχώρησεν·
795 1007 858 1084 ὁδε,
872 1011 1050 1084 παρήκοντος

134 1095 191 1172 ήδη
199 1099 250 1153 τοῦ
258 1095 391 1167 πολέμου,
400 1095 632 1168 διατοξευόμενος
639 1095 794 1172 Φιλοκτήτῃ
801 1095 989 1170 τιτρώσκεται.
1002 1093 1050 1154 Ἑν

134 1185 177 1258 νῷ
191 1180 222 1238 δέ
236 1178 330 1256 λαβών
345 1181 378 1239 τὸ
388 1185 438 1253 τῆς
447 1180 576 1252 Οἰνώνης
585 1181 660 1254 ἔπρς,
676 1176 722 1239 ὅτε
732 1179 990 1254 έφατοαάτδνπρδς
999 1178 1049 1239 αά-

135 1270 187 1338 τής
196 1263 286 1338 μόνης
295 1263 358 1324 οίόν
369 1288 399 1324 τε
412 1264 485 1324 εἶναι
497 1268 625 1338 ἰαθῆναι,
640 1265 750 1340 κήρυκα
758 1267 861 1336 πέμπει
871 1265 1050 1339 δεησόμενον,

136 1347 525 1423 δ’ποςέπειχθεῖσαάκέσηταί
531 1372 560 1408 τε
569 1347 992 1425 αάτὸνκαλτώνναροιχομένων
1000 1351 1049 1426 λή-

135 1439 196 1506 θην
208 1435 367 1509 ποιήσηται,
383 1433 433 1494 ἀτε
440 1435 476 1508 δή
484 1433 557 1492 κατά
564 1439 644 1492 θεών
651 1435 785 1509 βούλησίν
792 1457 821 1506 γε
830 1433 1016 1508 ἀφικομένων
1030 1433 1050 1509 ἡ

136 1517 169 1576 δέ
178 1513 390 1592 αὐθαδέστερον
402 1517 581 1593 ἀπεκρίνατο,
599 1512 638 1584 ώς
650 1519 702 1592 χρὴ
712 1520 778 1594 παρ’
789 1517 900 1593 Ἑλένην
910 1517 998 1580 αάτὸν
1013 1521 1049 1579 ἰέ-

137 1625 194 1675 ναι,
201 1600 331 1676 κάκείνης
340 1609 462 1662 δεῖσθαι·
474 1602 546 1678 αάτή
556 1605 586 1662 δὲ
592 1603 711 1676 μάλιστα
719 1600 856 1678 ήπείγετο,
865 1607 937 1664 ἔνθα
946 1605 980 1679 δή
989 1605 1049 1664 έπέ-

112 1685 450 1750 4πυστοκεῖσθαιαάτόν.
482 1693 541 1747 Τοῦ
549 1689 579 1746 δὲ
586 1688 708 1763 κήρυκος
717 1690 752 1747 τά
761 1691 897 1762 λεχθέντα
908 1690 986 1766 παρὰ
999 1695 1049 1763 τῆς

137 1773 267 1846 Οἰνώνης
274 1779 383 1834 θᾶττον
392 1773 619 1847 ἀπαγγείλαντος,
630 1772 780 1848 ἀθυμήσας
790 1773 983 1849 ὁἍλέξανδρος
992 1774 1049 1844 ἐξέ-

135 1876 264 1918 πνευσεν·
273 1859 385 1932 Οἰνώνη
393 1861 432 1932 δὲ,
441 1858 1050 1932 ἕαείνέκυνήδηκατάγήςκείμενονέλθσῦσα
1102 1881 1105 1888 “

137 1943 227 2015 εἶδεν,
250 1939 399 2022 ἀνῴμαξέν
412 1935 505 2004 νεκαί
518 1943 607 2002 πολλὰ
620 1946 871 2019 κατολοφυρομένη
883 1944 1054 2020 διεχρήσατο

134 2026 246 2103 ἑαυτήν.

293 2158 440 2244 Περὶ
475 2161 835 2228 Λευκίππου
870 2158 895 2229 ε’.
968 2191 999 2254 s

369 2260 675 2339 ἹστορεῖἙρμησεάναξ
686 2270 819 2344 Λεοντίῳ.

150 2371 157 2378 ”
202 2361 364 2432 Λεάκιππος
374 2366 413 2439 δὲ,
422 2368 553 2428 Ξανθίου
561 2369 788 2445 παῖς,γένοςτών
797 2365 853 2426 ἀπὸ
862 2367 1048 2440 Βελλεροφόν-

138 2473 200 2526 τον,
214 2453 356 2526 διαφέρων
364 2449 441 2524 ἰσχύϊ
445 2449 564 2522 μάλιστα
571 2457 629 2512 τών
638 2448 704 2511 καθ’
712 2453 822 2526 ἑαυτὸν,
836 2451 959 2528 ῆσκειτά
966 2459 1050 2535 πολε-χ
1076 2479 1077 2488 ·

138 2536 217 2611 μικά.
242 2536 296 2596 Διὸ
311 2536 397 2604 πολέες
412 2530 447 2610 ἦν
460 2535 542 2609 λόγος
556 2539 621 2612 περί
634 2535 722 2596 αὐτοῦ
737 2538 816 2612 παρά
829 2559 859 2596 τε
872 2543 987 2605 Λυκίοις
1000 2539 1050 2595 καί

138 2629 202 2687 τοῖς
213 2624 358 2694 προςεχέσι
367 2622 489 2694 τούτοις,
504 2619 554 2682 ἅτε
563 2623 597 2696 δή
606 2621 754 2696 ἀγομένοις
762 2625 810 2682 καί
818 2619 977 2682 πάνδτιοῦν
985 2627 1048 2689 δυς-

113 2703 385 2778 2χερέςπάσχονσιν.
403 2701 494 2773 Οὗτος
501 2706 574 2764 κατά
580 2705 829 2781 μήνινἎφροδίτης
838 2711 878 2774 εἰς
886 2709 976 2781 ἔρωτα
983 2704 1048 2780 ἀφι-

113 2847 117 2860 ,
136 2787 259 2860 κόμενος
275 2794 326 2862 τῆς
341 2789 475 2865 ἀδελφῆς,
496 2792 566 2859 τέως
580 2791 633 2863 μὲν
646 2790 795 2866 ἐκαρτέρει,
814 2793 943 2865 οἰόμενος
959 2794 1049 2870 ῥᾷστα

137 2869 356 2942 ἀπαλλάξασθαι
369 2881 419 2948 τῆς
431 2875 526 2935 νόσον·
549 2877 610 2936 ἐπεί
621 2877 719 2949 μέντοι
730 2877 834 2951 χρόνον
849 2878 1048 2949 διαγενομένου

137 2955 206 3018 οάδέ
220 2955 262 3016 ἐπ’
275 2955 367 3030 ὀλίγον
381 2959 477 3034 έλώφα
487 2961 520 3020 τὸ
533 2961 639 3035 πάθος,
656 2957 856 3032 ἀνακοινοῦται
867 2963 1049 3038 τῇμητρλκαλ

137 3043 228 3103 πολλὰ
237 3045 414 3117 καθικέτευε,
428 3045 467 3118 μή
482 3051 618 3121 περιιδεῖν
632 3043 720 3106 αάτδν
735 3042 937 3119 ἀπολλύμενον
953 3051 981 3105 εἰ
993 3044 1048 3119 γάρ

139 3126 216 3206 αὐτῷ
227 3127 266 3202 μή
284 3129 487 3204 συνεργήσειεν,
510 3127 684 3206 ἀποσφάξειν
698 3129 786 3190 αὑτὸν
799 3128 915 3206 ήκείλει.
948 3136 1004 3206 Τῆς
1015 3129 1048 3189 δέ

137 3219 309 3290 παραχρῆμα
323 3213 374 3289 τήν
387 3215 541 3286 ἐπιθυμίαν
557 3220 682 3292 φαμένης
693 3219 825 3290 τελέσειν,
846 3216 924 3294 δρίαν
936 3213 991 3290 ήδη
1003 3215 1048 3288 γέ-

137 3319 234 3371 γονεν·
256 3297 485 3374 ἀνακαλεσαμένη
500 3300 531 3360 δὲ
547 3301 601 3375 τήν
616 3301 704 3378 κόρην
722 3306 933 3376 συγκατακλίνει
950 3298 1048 3364 τάδελ-
